<?xml version = "1.0" encoding = "UTF-8"?><record>
  <leader>01167naa#a2200313#c#4500</leader>
  <controlfield tag="005">20210409091429.0</controlfield>
  <controlfield tag="007">tu</controlfield>
  <controlfield tag="008">140702|2014####gw############|||#|#ger#c</controlfield>
  <controlfield tag="003">DE-605</controlfield>
  <controlfield tag="001">990204434300206441</controlfield>
  <datafield tag="035" ind1=" " ind2=" ">
    <subfield code="a">(DE-605)HT018312899</subfield>
  </datafield>
  <datafield tag="040" ind1=" " ind2=" ">
    <subfield code="a">6</subfield>
    <subfield code="b">ger</subfield>
    <subfield code="e">rakwb</subfield>
  </datafield>
  <datafield tag="041" ind1=" " ind2=" ">
    <subfield code="a">ger</subfield>
  </datafield>
  <datafield tag="044" ind1=" " ind2=" ">
    <subfield code="c">XA-DE</subfield>
  </datafield>
  <datafield tag="084" ind1=" " ind2=" ">
    <subfield code="a">Detmold</subfield>
    <subfield code="0">https://nwbib.de/spatial#Q3922</subfield>
    <subfield code="2">nwbib</subfield>
  </datafield>
  <datafield tag="084" ind1=" " ind2=" ">
    <subfield code="a">Einzelne Autoren (Sekund&#228;rliteratur)</subfield>
    <subfield code="0">https://nwbib.de/subjects#N768030</subfield>
    <subfield code="2">nwbib</subfield>
  </datafield>
  <datafield tag="084" ind1=" " ind2=" ">
    <subfield code="a">Drama</subfield>
    <subfield code="0">https://nwbib.de/subjects#N769030</subfield>
    <subfield code="2">nwbib</subfield>
  </datafield>
  <datafield tag="100" ind1="1" ind2=" ">
    <subfield code="a">Maes, Sientje</subfield>
    <subfield code="4">aut</subfield>
  </datafield>
  <datafield tag="245" ind1="1" ind2="0">
    <subfield code="a">Theatraler Exzess und &#144;&#144;&#144;,gespielte&#8216; Sinnlosigkeit</subfield>
    <subfield code="b">der Cid als Zeit- und Gattungskritik</subfield>
    <subfield code="c">Sientje Maes</subfield>
  </datafield>
  <datafield tag="264" ind1=" " ind2="1">
    <subfield code="c">2014</subfield>
  </datafield>
  <datafield tag="689" ind1="0" ind2="0">
    <subfield code="a">Grabbe, Christian Dietrich</subfield>
    <subfield code="d">1801-1836</subfield>
    <subfield code="t">&lt;&lt;Der&gt;&gt; Cid</subfield>
    <subfield code="D">p</subfield>
    <subfield code="0">(DE-588)7683386-0</subfield>
    <subfield code="B">GND-998691542</subfield>
  </datafield>
  <datafield tag="689" ind1="0" ind2="1">
    <subfield code="a">Dramaturgie</subfield>
    <subfield code="D">s</subfield>
    <subfield code="0">(DE-588)4124796-6</subfield>
    <subfield code="0">(uri) https://portal.dnb.de/opac.htm?method=simpleSearch&amp;cqlMode=true&amp;query=idn=041247965</subfield>
    <subfield code="0">(uri) http://viaf.org/viaf/sourceID/DNB|041247965</subfield>
    <subfield code="B">GND-041247965</subfield>
  </datafield>
  <datafield tag="689" ind1="0" ind2="2">
    <subfield code="a">Rezeption</subfield>
    <subfield code="D">s</subfield>
    <subfield code="0">(DE-588)4049716-1</subfield>
    <subfield code="0">(uri) https://portal.dnb.de/opac.htm?method=simpleSearch&amp;cqlMode=true&amp;query=idn=04049716X</subfield>
    <subfield code="0">(uri) http://viaf.org/viaf/sourceID/DNB|04049716X</subfield>
    <subfield code="B">GND-04049716X</subfield>
  </datafield>
  <datafield tag="773" ind1="0" ind2="8">
    <subfield code="i">Enthalten in</subfield>
    <subfield code="t">Grabbe-Jahrbuch ...</subfield>
    <subfield code="d">Bielefeld</subfield>
    <subfield code="g">32. 2013 (2014), S. 80-95</subfield>
    <subfield code="w">(DE-605)HT002156174</subfield>
  </datafield>
  <datafield tag="960" ind1="1" ind2=" ">
    <subfield code="n">NWBib-6</subfield>
  </datafield>
  <datafield tag="964" ind1="0" ind2="s">
    <subfield code="F">030</subfield>
    <subfield code="A">a|1uc||||||17</subfield>
  </datafield>
  <datafield tag="964" ind1="0" ind2="s">
    <subfield code="F">050</subfield>
    <subfield code="A">a|||||||||||||</subfield>
  </datafield>
  <datafield tag="964" ind1="0" ind2="s">
    <subfield code="F">051</subfield>
    <subfield code="A">at||||||</subfield>
  </datafield>
  <datafield tag="035" ind1=" " ind2=" ">
    <subfield code="a">(DE-599)HBZHT018312899</subfield>
  </datafield>
  <datafield tag="MBD" ind1=" " ind2=" ">
    <subfield code="M">49HBZ_NETWORK</subfield>
    <subfield code="i">990204434300206441</subfield>
    <subfield code="n">HBZ Network</subfield>
  </datafield>
  <datafield tag="MNG" ind1=" " ind2=" ">
    <subfield code="c">System</subfield>
    <subfield code="f">ILS</subfield>
    <subfield code="i">marc21</subfield>
    <subfield code="k">01</subfield>
    <subfield code="e">false</subfield>
    <subfield code="d">2021-04-09 09:14:29 Europe/Berlin</subfield>
    <subfield code="g">020443430-HBZ01</subfield>
    <subfield code="j">60</subfield>
    <subfield code="a">import</subfield>
    <subfield code="b">2021-04-05 17:42:12 Europe/Berlin</subfield>
  </datafield>
  <datafield tag="GST" ind1=" " ind2=" ">
    <subfield code="a">Fortwirken</subfield>
    <subfield code="A">GND</subfield>
    <subfield code="B">GND-04049716X</subfield>
    <subfield code="C">450</subfield>
  </datafield>
  <datafield tag="GST" ind1=" " ind2=" ">
    <subfield code="a">Nachwirkung</subfield>
    <subfield code="g">Rezeption</subfield>
    <subfield code="A">GND</subfield>
    <subfield code="B">GND-04049716X</subfield>
    <subfield code="C">450</subfield>
  </datafield>
  <datafield tag="GST" ind1=" " ind2=" ">
    <subfield code="a">Nachleben</subfield>
    <subfield code="A">GND</subfield>
    <subfield code="B">GND-04049716X</subfield>
    <subfield code="C">450</subfield>
  </datafield>
  <datafield tag="GST" ind1=" " ind2=" ">
    <subfield code="a">Wirkungsgeschichte</subfield>
    <subfield code="A">GND</subfield>
    <subfield code="B">GND-04049716X</subfield>
    <subfield code="C">450</subfield>
  </datafield>
  <datafield tag="GST" ind1=" " ind2=" ">
    <subfield code="a">Aneignung</subfield>
    <subfield code="g">Rezeption</subfield>
    <subfield code="A">GND</subfield>
    <subfield code="B">GND-04049716X</subfield>
    <subfield code="C">450</subfield>
  </datafield>
  <datafield tag="GSI" ind1="7" ind2=" ">
    <subfield code="a">http://d-nb.info/gnd/4049716-1</subfield>
    <subfield code="2">uri</subfield>
    <subfield code="A">GND</subfield>
    <subfield code="B">GND-04049716X</subfield>
    <subfield code="C">024</subfield>
  </datafield>
  <datafield tag="GSI" ind1="7" ind2=" ">
    <subfield code="a">http://d-nb.info/gnd/4124796-6</subfield>
    <subfield code="2">uri</subfield>
    <subfield code="A">GND</subfield>
    <subfield code="B">GND-041247965</subfield>
    <subfield code="C">024</subfield>
  </datafield>
  <datafield tag="GSI" ind1="7" ind2=" ">
    <subfield code="a">http://d-nb.info/gnd/7683386-0</subfield>
    <subfield code="2">uri</subfield>
    <subfield code="A">GND</subfield>
    <subfield code="B">GND-998691542</subfield>
    <subfield code="C">024</subfield>
  </datafield>
</record>